
@article{national_highway_traffic_safety_administration_nhtsa_federal_2017,
	title = {Federal {Motor} {Vehicle} {Safety} {Standards}; {V}2V {Communications}; {Notice} of {Proposed} {Rulemaking} ({NPRM})},
	url = {https://www.federalregister.gov/documents/2017/01/12/2016-31059/federal-motor-vehicle-safety-standards-v2v-communications},
	author = {National Highway Traffic Safety Administration (NHTSA), U.S. Department of Transportation},
	month = jan,
	year = {2017}
}

@article{petit_potential_2015,
	title = {Potential {Cyberattacks} on {Automated} {Vehicles}},
	volume = {16},
	number = {2},
	journal = {IEEE Transactions on Intelligent Transportation Systems},
	author = {Petit, J. and Shladover, S. E.},
	year = {2015},
	pages = {546--556}
}

@article{whyte_security_2013,
	title = {A {Security} {Credential} {Management} {System} for {V}2V {Communications}},
	journal = {IEEE Vehicular Networking Conference (VNC 2013)},
	author = {Whyte, W. and Weimerskirch, A. and Kumar, V. and Hehn, T.},
	year = {2013}
}

@article{brecht_security_2018,
	title = {A {Security} {Credential} {Management} {System} for {V}2X {Communications}},
	author = {Brecht, B. and Therriault, D. and Weimerskirch, A. and Whyte, W. and Kumar, V. and Hehn, T. and Goudy, R.},
	month = feb,
	year = {2018}
}

@article{petit_pseudonym_2015,
	title = {Pseudonym {Schemes} in {Vehicular} {Networks}: {A} {Survey}},
	number = {1},
	journal = {IEEE Communications Surveys and Tutorials},
	author = {Petit, J. and Schaub, F. and Feiri, M. and Kargl, F.},
	year = {2015},
	pages = {228--255}
}

@article{haas_efficient_2011,
	title = {Efficient {Certificate} {Revocation} {List} {Distribution}},
	volume = {29},
	number = {3},
	journal = {IEEE Journal of Selected Areas in Communcations - Special Issue on Vehicular Communcations and Networks},
	author = {Haas, J. J. and Hu, Y.-C. and Laberteaux, K. P.},
	month = jan,
	year = {2011},
	pages = {595--604}
}

@article{raya_securing_2006,
	title = {Securing {Vehicular} {Communications}},
	volume = {13},
	number = {5},
	journal = {IEEE Wireless Communications},
	author = {Raya, M. and Papadimitratos, P. and Hubaux, J.-P.},
	year = {2006},
	pages = {9--15}
}

@book{sharma_securing_2017,
	title = {Securing {Wireless} {Communications} of {Connected} {Vehicles} with {Artificial} {Intelligence}},
	author = {Sharma, P. and Liu, H. and Wang, H. and Zhang, S.},
	year = {2017}
}

@article{brecht_elector-based_2015,
	title = {Elector-{Based} {Root} {Management} {System} {To} {Manage} {A} {Public} {Key} {Infrastructure}},
	journal = {Crash Avoidance Metrics Partners LLC (CAMP) Vehicle Safety Communications 5 (VSC5) Consortium},
	author = {Brecht, B. and Therriault, D. and Motz, R. and Kumar, V. and Lambert, R. and Lattin, B. and Romansky, B. and Whyte, W.},
	year = {2015},
	pages = {17}
}

@article{haidar_performance_2017,
	title = {On the performance evaluation of {Vehicular} {PKI} protocol for {V}2X communications security},
	journal = {IEEE 86th Vehicular Technology Conference (VTC2017-Fall), Toronto, Canada},
	author = {Haidar, F. and Kaiser, A. and Lonc, B.},
	year = {2017}
}

@misc{brecht_scms_nodate,
	title = {{SCMS} {CV} {Pilots} {Documentation} - {SCMS} {CV} {Pilots} {Documentation} - {CAMP} {Wiki}},
	url = {https://wiki.campllc.org/display/SCP/},
	urldate = {2018-05-09},
	author = {Brecht, Benedikt}
}