
@misc{noauthor_art:_nodate,
	title = {{ART}: {An} {Attack}-{Resistant} {Trust} {Management} {Scheme} for {Securing} {Vehicular} {Ad} {Hoc} {Networks} - {IEEE} {Xplore} {Document}},
	url = {http://ieeexplore.ieee.org.libproxy.umassd.edu/document/7328306/},
	urldate = {2017-04-07},
	file = {ART\: An Attack-Resistant Trust Management Scheme for Securing Vehicular Ad Hoc Networks - IEEE Xplore Document:/home/robert/.mozilla/firefox/xylmeqx4.default/zotero/storage/58NG8VEN/7328306.html:text/html}
}